<?xml version="1.0" encoding="UTF-8"?><collection xmlns="http://www.loc.gov/MARC21/slim"><record><leader>00403nam--2200133-i-4500</leader><controlfield tag="001">000030038</controlfield><controlfield tag="002">20161230</controlfield><controlfield tag="005">20161230201038</controlfield><controlfield tag="008">060222s1000------------r-----000-0-eng-d</controlfield><datafield ind1=" " ind2=" " tag="100"><subfield code="a">Lambie, D.A</subfield></datafield><datafield ind1=" " ind2=" " tag="245"><subfield code="a">Techniques for the use of radioisotopes in analysis.a laboratory manual</subfield></datafield><datafield ind1=" " ind2=" " tag="260"><subfield code="a">London, E.Spon Ltd., 1964. Vi + 135p</subfield></datafield><datafield ind1=" " ind2=" " tag="490"><subfield code="a">Spon`S General And Industrial Chemistry Series</subfield></datafield><datafield ind1=" " ind2=" " tag="852"><subfield code="a">19756</subfield></datafield></record></collection>